%%%%%%%%%%%%%%%%%%%%%%%%%%%%%%%%%%%%%%%%%%%%%%%%%%%%%%%%%%%%%%%%%
%% --------------------------------------------------------------
%% Bibliography of i11
%%
%% --------------------------------------------------------------
%% Sections:
%% * STRING DEFINITIONS
%%   - general
%%   - authors
%%   - publishers
%%   - journals
%%   - conference proceedings
%% * MONOGRAPHS, PAPERS, THESES
%%%%%%%%%%%%%%%%%%%%%%%%%%%%%%%%%%%%%%%%%%%%%%%%%%%%%%%%%%%%%%%%%

%%%%%%%%%%%%%%%%%%%%%%%%%%%%%%%%%%%%%%%%%%%%%%%%%%%%%%%%%%%%%%%%%
%% STRINGS DEFINITIONS
%%%%%%%%%%%%%%%%%%%%%%%%%%%%%%%%%%%%%%%%%%%%%%%%%%%%%%%%%%%%%%%%%

%% --------------------------------------------------------------
%% general
%% --------------------------------------------------------------
@misc{cytoscape,
  title = {Cytoscape},
  howpublished = {\url{http://js.cytoscape.org/}},
}

@misc{angularjs,
  title = {AngularJS},
  howpublished = {\url{https://angularjs.org/}},
}

@incollection{abraham2011hub,
  title={A hub-based labeling algorithm for shortest paths in road networks},
  author={Abraham, Ittai and Delling, Daniel and Goldberg, Andrew V and Werneck, Renato F},
  booktitle={Experimental Algorithms},
  pages={230--241},
  year={2011},
  publisher={Springer}
}

@incollection{drange2014computational,
  title={On the Computational Complexity of Vertex Integrity and Component Order Connectivity},
  author={Drange, P{\aa}l Gr{\o}n{\aa}s and Dregi, Markus Sortland and vanâ€™t Hof, Pim},
  booktitle={Algorithms and Computation},
  pages={285--297},
  year={2014},
  publisher={Springer}
}
